<record><leader>00000cas a22000007a 4500</leader><controlfield tag="001">15074725</controlfield><controlfield tag="008">870115d18321833pauwr ne      0    0eng d</controlfield><datafield ind1=" " ind2=" " tag="010"><subfield code="a">sn 87080490 </subfield></datafield><datafield ind1=" " ind2=" " tag="040"><subfield code="a">NPH</subfield><subfield code="b">eng</subfield><subfield code="c">NPH</subfield><subfield code="d">MGN</subfield><subfield code="d">OCLCQ</subfield></datafield><datafield ind1=" " ind2=" " tag="042"><subfield code="a">msc</subfield></datafield><datafield ind1="0" ind2="0" tag="245"><subfield code="a">Wayne inquirer.</subfield></datafield><datafield ind1="3" ind2="0" tag="246"><subfield code="a">Inquirer</subfield></datafield><datafield ind1=" " ind2=" " tag="260"><subfield code="a">Bethany, Pa. :</subfield><subfield code="b">William Sasman,</subfield><subfield code="c">1832-</subfield></datafield><datafield ind1=" " ind2=" " tag="300"><subfield code="a">v.</subfield></datafield><datafield ind1=" " ind2=" " tag="310"><subfield code="a">Weekly</subfield></datafield><datafield ind1="0" ind2=" " tag="362"><subfield code="a">Vol. 3, no. 2 (Feb. 10, 1832)- =whole no. 106-</subfield></datafield><datafield ind1="1" ind2=" " tag="362"><subfield code="a">Ceased in 1833?</subfield></datafield><datafield ind1=" " ind2=" " tag="500"><subfield code="a">Published every Friday.</subfield></datafield><datafield ind1=" " ind2=" " tag="752"><subfield code="a">United States</subfield><subfield code="b">Pennsylvania</subfield><subfield code="c">Wayne</subfield><subfield code="d">Bethany.</subfield></datafield><datafield ind1="0" ind2="0" tag="780"><subfield code="t">Wayne enquirer</subfield><subfield code="w">(DLC)sn 87080491</subfield></datafield><datafield ind1="0" ind2="7" tag="785"><subfield code="t">Wayne County herald and Honesdale advertiser</subfield><subfield code="w">(DLC)sn 96076259</subfield></datafield><datafield ind1="0" ind2="7" tag="785"><subfield code="t">Wayne County herald and Bethany inquirer</subfield><subfield code="w">(DLC)sn 86071448</subfield></datafield></record>